<record><leader>00000cas a22000007a 4500</leader><controlfield tag="001">24931563</controlfield><controlfield tag="008">911211d19281932ctuwr ne      0    0eng d</controlfield><datafield ind1=" " ind2=" " tag="010"><subfield code="a">sn 91053007 </subfield></datafield><datafield ind1=" " ind2=" " tag="040"><subfield code="a">CNW</subfield><subfield code="b">eng</subfield><subfield code="c">CNW</subfield><subfield code="d">OCLCQ</subfield></datafield><datafield ind1=" " ind2=" " tag="042"><subfield code="a">msc</subfield></datafield><datafield ind1="0" ind2=" " tag="130"><subfield code="a">Branford review (Branford, Conn. : 1928)</subfield></datafield><datafield ind1="1" ind2="4" tag="245"><subfield code="a">The Branford review.</subfield></datafield><datafield ind1="3" ind2="0" tag="246"><subfield code="a">Connecticut yankee Branford review</subfield></datafield><datafield ind1=" " ind2=" " tag="260"><subfield code="a">Branford, Conn. :</subfield><subfield code="b">Francis L.H. Gill</subfield></datafield><datafield ind1=" " ind2=" " tag="300"><subfield code="a">v.</subfield></datafield><datafield ind1=" " ind2=" " tag="310"><subfield code="a">Weekly</subfield></datafield><datafield ind1="0" ind2=" " tag="362"><subfield code="a">Vol. 1, no. 1 (Apr. 13, 1928)-v. 5, no. 37 (Dec. 22, 1932).</subfield></datafield><datafield ind1=" " ind2=" " tag="500"><subfield code="a">Published as: The Connecticut Yankee Branford review, Aug. 14, 1930-Jan. 8, 1931.</subfield></datafield><datafield ind1=" " ind2=" " tag="530"><subfield code="a">Available on microfilm from UMI.</subfield></datafield><datafield ind1=" " ind2="4" tag="651"><subfield code="a">Branford (Conn.)</subfield><subfield code="v">Newspapers.</subfield></datafield><datafield ind1=" " ind2=" " tag="752"><subfield code="a">United States</subfield><subfield code="b">Connecticut</subfield><subfield code="c">New Haven</subfield><subfield code="d">Branford.</subfield></datafield><datafield ind1="0" ind2="5" tag="780"><subfield code="t">Connecticut Yankee (Essex, Conn.)</subfield><subfield code="g">Aug. 1930</subfield></datafield><datafield ind1="0" ind2="0" tag="785"><subfield code="t">Branford review and East Haven news</subfield><subfield code="w">(DLC)sn 91053006</subfield><subfield code="w">(OCoLC)24931639</subfield></datafield><datafield ind1="1" ind2=" " tag="029"><subfield code="a">AU@</subfield><subfield code="b">000025867365</subfield></datafield></record>